<?xml version="1.0" encoding="UTF-8"?><record xmlns="http://www.loc.gov/MARC21/slim" xmlns:cinclude="http://apache.org/cocoon/include/1.0" xmlns:zs="http://www.loc.gov/zing/srw/">
  <leader>00437nz  a2200145n  4500</leader>
  <controlfield tag="001">no2006049602</controlfield>
  <controlfield tag="003">DLC</controlfield>
  <controlfield tag="005">20060516052300.0</controlfield>
  <controlfield tag="008">060510n| acannaabn          |a aaa     c</controlfield>
  <datafield tag="010" ind1=" " ind2=" ">
    <subfield code="a">no2006049602</subfield>
  </datafield>
  <datafield tag="035" ind1=" " ind2=" ">
    <subfield code="a">(OCoLC)oca06940105</subfield>
  </datafield>
  <datafield tag="040" ind1=" " ind2=" ">
    <subfield code="a">NhD</subfield>
    <subfield code="b">eng</subfield>
    <subfield code="c">NhD</subfield>
  </datafield>
  <datafield tag="100" ind1="1" ind2=" ">
    <subfield code="a">Caldwell, Erskine,</subfield>
    <subfield code="d">1903-1987.</subfield>
    <subfield code="t">Close to home.</subfield>
    <subfield code="l">Spanish</subfield>
  </datafield>
  <datafield tag="400" ind1="1" ind2=" ">
    <subfield code="a">Caldwell, Erskine,</subfield>
    <subfield code="d">1903-1987.</subfield>
    <subfield code="t">Cerca del hogar</subfield>
  </datafield>
  <datafield tag="670" ind1=" " ind2=" ">
    <subfield code="a">Caldwell, Erskine. Cerca del hogar, 1963.</subfield>
  </datafield>
</record>